{1:F01BANK DANAMON}{2:ADIRA}{4:
:20:210128
:25:003600264117
:28C:00394
:60F:C210128IDR000002493382,65
:61:210128C000000500001,00NTRF60130002210128250481                    
:86:ADKUPK123456789012IB2101280001100280
:61:210128C000001000000,00NTRF60130002210128270047                    
:86:ADKUPK123456789013IB2101280001101400
:61:210128C000002000022,00NTRF60130002210128200083                    
:86:ADKUPK123456789013IB2101280001103701
:61:210128C000002000022,00NTRF60130002210128420264                    
:86:ADKUPK123456789013IB2101280001103201
:61:210128C000000200002,00NTRF60130002210128490017                    
:86:ADKUPK123456789113IB2101280001105101
:61:210128C000000100007,00NTRF60130002210128520903                    
:86:ADKUPK123456789313IB2101280001107101
:62F:C210128IDR000008293436,65
-}


