{1:F01BANK DANAMON}{2:KAI001}{4:
:20:200722
:25:000001176908
:28C:00204
:60F:D200722IDR033027209025,81
:61:200722D000000000102,00NTRF220721000876415                         
:86:From Acc DescTo Acc Desc
:61:200722D000000000032,84NCHG
:86:FEE FT INTERNATIONAL CASH WORK
:61:200722D000000000000,35NCHG
:86:FEE FUND TRANSFER E CHANNEL
:61:200722D000000000100,00NTRF200722027688578                         
:86:asdsad PCM000001176908               
:61:200722D000000000100,00NTRF200722433379664                         
:86:asdasd PCM000001176908               
:61:200722D000000000000,35NCHG
:86:FEE FUND TRANSFER E CHANNEL
:61:200722D000000000100,00NTRF200722533525441                         
:86:asds PCM000001176908               
:61:200722D000000000000,35NCHG
:86:FEE FUND TRANSFER E CHANNEL
:61:200722D000000007163,32NTRF200722787916008                         
:86:TC 33 counter 2 PCM000001176908         
:61:200722D000000000001,79NCHG
:86:FEE FUND TRANSFER E CHANNEL
:61:200722D000000007163,32NTRF200722645189169                         
:86:TC 33 counter PCM000001176908           
:61:200722D000000000001,79NCHG
:86:FEE FUND TRANSFER E CHANNEL
:61:200722D000000000100,00NTRF200722431757674                         
:86: PCM000001176908               
:61:200722D000000000000,35NCHG
:86:FEE FUND TRANSFER E CHANNEL
:61:200722D000000000100,00NTRF200722266965598                         
:86: PCM000001176908               
:61:200722D000000000000,35NCHG
:86:FEE FUND TRANSFER E CHANNEL
:61:200722D000000000100,00NTRF200722227738938                         
:86: PCM000001176908               
:61:200722D000000000000,35NCHG
:86:FEE FUND TRANSFER E CHANNEL
:61:200722D000000000100,00NTRF200722909843129                         
:86:asdas PCM000001176908               
:61:200722D000000000000,35NCHG
:86:FEE FUND TRANSFER E CHANNEL
:61:200722D000000000100,00NTRF200722098833649                         
:86:test 3451  PCM000001176908              
:61:200722D000000000000,35NCHG
:86:FEE FUND TRANSFER E CHANNEL
:61:200722D000000000100,00NTRF200722718440811                         
:86:&_-(),.':/ SKNKILLUA15 PCM000001176908  
:61:200722D000000000000,35NCHG
:86:FEE FUND TRANSFER E CHANNEL
:62F:D200722IDR033027193657,60
-}


